@article{Liang2019PRE,
  title={Manipulation of cholesteric liquid crystal phase behavior and molecular assembly by molecular chirality},
  author={Wu, Liang and Sun, Huai},
  journal={Physical Review E},
  volume={100},
  number={2},
  pages={022703},
  year={2019},
  publisher={APS}
}

@article{Joachim2012JCP,
  title={An analytical approximation for the orientation-dependent excluded volume of tangent hard sphere chains of arbitrary chain length and flexibility},
  author={van Westen, Thijs and Vlugt, Thijs JH and Gross, Joachim},
  journal={The Journal of chemical physics},
  volume={137},
  number={4},
  pages={044906},
  year={2012},
  publisher={American Institute of Physics}
}

@article{Jackson1996JCP,
  title={A re-examination of the phase diagram of hard spherocylinders},
  author={McGrother, Simon C and Williamson, Dave C and Jackson, George},
  journal={The Journal of chemical physics},
  volume={104},
  number={17},
  pages={6755--6771},
  year={1996},
  publisher={American Institute of Physics}
}

@article{Liang2017SM,
  title={Cholesteric ordering predicted using a coarse-grained polymeric model with helical interactions},
  author={Wu, Liang and Sun, Huai},
  journal={Soft matter},
  volume={14},
  number={3},
  pages={344--353},
  year={2018},
  publisher={Royal Society of Chemistry}
}

@book{Hansen2013ToSL,
  title={Theory of simple liquids: with applications to soft matter},
  author={Hansen, Jean-Pierre and McDonald, Ian Ranald},
  year={2013},
  publisher={Academic Press}
}

@article{Jackson2009JCP,
  title={Generalized van der Waals theory for the twist elastic modulus and helical pitch of cholesterics},
  author={Wensink, HH and Jackson, G},
  journal={The Journal of chemical physics},
  volume={130},
  number={23},
  pages={234911},
  year={2009},
  publisher={American Institute of Physics}
}

@article{Evans1994MP,
  title={Isotropic, nematic and smectic A phases in fluids of hard spherocylinders},
  author={Esposito, Marc and Evans, Glenn T},
  journal={Molecular Physics},
  volume={83},
  number={4},
  pages={835--845},
  year={1994},
  publisher={Taylor \& Francis}
}

@article{Onsager1949NYAS,
  title={The effects of shape on the interaction of colloidal particles},
  author={Onsager, Lars},
  journal={Annals of the New York Academy of Sciences},
  volume={51},
  number={4},
  pages={627--659},
  year={1949},
  publisher={Blackwell Publishing Ltd Oxford, UK}
}

@article{Ornstein1914OZeqn,
  title={Accidental deviations of density and opalescence at the critical point of a single substance},
  author={Ornstein, Leonard S},
  journal={Proc. Akad. Sci.},
  volume={17},
  pages={793},
  year={1914}
}

@article{Percus1958PYeqn,
  title={Analysis of classical statistical mechanics by means of collective coordinates},
  author={Percus, Jerome K and Yevick, George J},
  journal={Physical Review},
  volume={110},
  number={1},
  pages={1},
  year={1958},
  publisher={APS}
}

@article{Lago2003SQSC,
  title={Solution of the Percus-Yevick equation for square well spherocylinders},
  author={Mart{\'\i}nez-Haya, B and Cuetos, A and Lago, S},
  journal={Physical Review E},
  volume={67},
  number={5},
  pages={051201},
  year={2003},
  publisher={APS}
}

@article{Wertheim1963HS,
  title={Exact solution of the Percus-Yevick integral equation for hard spheres},
  author={Wertheim, MS},
  journal={Physical Review Letters},
  volume={10},
  number={8},
  pages={321},
  year={1963},
  publisher={APS}
}

@article{Wu2014MM,
  title={Understanding and Describing the Liquid-Crystalline States of Polypeptide Solutions: A Coarse-Grained Model of PBLG in DMF},
  author={Wu, Liang and Müller, Erich A. and Jackson, George},
  journal={Macromolecules},
  volume={47},
  number={4},
  pages={1482-1493},
  year={2014},
}

@article{Jackson1996JCP,
  title={A re-examination of the phase diagram of hard spherocylinders},
  author={Mcgrother, Simon C. and Williamson, Dave C. and Jackson, George},
  journal={Journal of Chemical Physics},
  volume={104},
  number={17},
  pages={6755},
  year={1996},
}

@article{35Dogic2006Ordered,
  title={Ordered phases of filamentous viruses},
  author={Dogic, Zvonimir and Fraden, Seth},
  journal={Current Opinion in Colloid & Interface Science},
  volume={11},
  number={1},
  pages={47-55},
  year={2006},
}

@article{36Furukawa1993Formation,
  title={Formation of liquid crystals from actin filaments},
  author={Furukawa, Ruth and Kundra, Robin and Fechheimer, Marcus},
  journal={Biochemistry},
  volume={32},
  number={46},
  pages={12346-12352},
  year={1993},
}

@article{37Werbowyj1980Ordered,
  title={Ordered Phase Formation in Concentrated Hydroxpropylcellulose Solutions},
  author={Werbowyj, Rita S. and Gray, Derek G.},
  journal={Macromolecules},
  volume={13},
  number={1},
  pages={69-73},
  year={1980},
}

@article{38Rai2007Dispersions,
  title={Dispersions of Functionalized Single-Walled Carbon Nanotubes in Strong Acids:Solubility and Rheology},
  author={Rai, Pradeep K. and Parra-Vasquez, A. Nicholas G. and Chattopadhyay, Jayanta and Pinnick, Robert A. and Liang, Feng and Sadana, Anil K. and Hauge, Robert H. and Billups, W. Edward and Pasquali, Matteo},
  journal={Journal of Nanoscience & Nanotechnology},
  volume={7},
  number={10},
  pages={3378-3385},
  year={2007},
}

@article{40Schoen2017Perturbation,
  title={Perturbation Theory versus Thermodynamic Integration. Beyond a Mean-Field Treatment of Pair Correlations in a Nematic Model Liquid Crystal.},
  author={Schoen, Martin and Haslam, Andrew John and Jackson, George},
  year={2017},
}

@article{41Varga2006Study,
  title={Study of the pitch of fluids of electrostatically chiral anisotropic molecules: mean-field theory and simulation},
  author={Varga, S. and Jackson, G.},
  journal={Molecular Physics},
  volume={104},
  number={22-24},
  pages={3681-3691},
  year={2006},
}

@article{Capit2008Phase,
  title={Phase behavior of parallel hard cylinders},
  author={Capitán, José A. and Martínez-Ratón, Yuri and Cuesta, José A.},
  journal={Journal of Chemical Physics},
  volume={128},
  number={19},
  pages={194901},
  year={2008},
}

@article{Straley1973Frank,
  title={Frank Elastic Constants of the Hard-Rod Liquid Crystal},
  author={Straley and J. P.},
  journal={Physical Review A},
  volume={8},
  number={4},
  pages={2181-2183},
  year={1973},
}

@article{Straley1976Theory,
  title={Theory of piezoelectricity in nematic liquid crystals, and of the cholesteric ordering},
  author={Straley, Joseph P.},
  journal={Physical Review A},
  volume={14},
  number={5},
  pages={1835-1841},
  year={1976},
}

@article{Vijayakumar2009Experimental,
  title={Experimental evidence of an optical shutter in cholesteric phase of a double hydrogen bonded liquid crystal},
  author={Vijayakumar, V. N. and Mohan, M. L. N. Madhu},
  journal={Brazilian Journal of Physics},
  volume={39},
  number={4},
  pages={677-683},
  year={2009},
}









